<record><leader>00000cas a2200000 a 4500</leader><controlfield tag="001">15596815</controlfield><controlfield tag="008">870427d18691873iauwr ne      0    0eng c</controlfield><datafield ind1=" " ind2=" " tag="010"><subfield code="a">sn 87058156 </subfield></datafield><datafield ind1=" " ind2=" " tag="040"><subfield code="a">INP</subfield><subfield code="b">eng</subfield><subfield code="c">INP</subfield><subfield code="d">NVF</subfield><subfield code="d">OCLCQ</subfield><subfield code="d">OCLCF</subfield><subfield code="d">OCLCO</subfield><subfield code="d">IUL</subfield><subfield code="d">OCL</subfield></datafield><datafield ind1=" " ind2=" " tag="042"><subfield code="a">pcc</subfield></datafield><datafield ind1=" " ind2=" " tag="043"><subfield code="a">n-us-ia</subfield></datafield><datafield ind1="0" ind2=" " tag="130"><subfield code="a">Weekly gazette (Davenport, Iowa)</subfield></datafield><datafield ind1="1" ind2="4" tag="245"><subfield code="a">The weekly gazette.</subfield></datafield><datafield ind1=" " ind2=" " tag="260"><subfield code="a">Davenport, Iowa :</subfield><subfield code="b">Gazette Co.,</subfield><subfield code="c">1869-1873.</subfield></datafield><datafield ind1=" " ind2=" " tag="300"><subfield code="a">v.</subfield></datafield><datafield ind1=" " ind2=" " tag="310"><subfield code="a">Weekly</subfield></datafield><datafield ind1="0" ind2=" " tag="362"><subfield code="a">28th year, whole no. 1444 (June 16, 1869)-33rd year, whole no. 1680 (Dec. 31, 1873).</subfield></datafield><datafield ind1=" " ind2="0" tag="651"><subfield code="a">Davenport (Iowa)</subfield><subfield code="v">Newspapers.</subfield></datafield><datafield ind1=" " ind2="0" tag="651"><subfield code="a">Scott County (Iowa)</subfield><subfield code="v">Newspapers.</subfield></datafield><datafield ind1=" " ind2="7" tag="651"><subfield code="a">Iowa</subfield><subfield code="z">Scott County.</subfield><subfield code="2">fast</subfield><subfield code="0">(OCoLC)fst01212225</subfield></datafield><datafield ind1=" " ind2="7" tag="651"><subfield code="a">Iowa</subfield><subfield code="z">Davenport.</subfield><subfield code="2">fast</subfield><subfield code="0">(OCoLC)fst01207492</subfield></datafield><datafield ind1=" " ind2="7" tag="655"><subfield code="a">Newspapers.</subfield><subfield code="2">fast</subfield><subfield code="0">(OCoLC)fst01423814</subfield></datafield><datafield ind1=" " ind2=" " tag="752"><subfield code="a">United States</subfield><subfield code="b">Iowa</subfield><subfield code="c">Scott</subfield><subfield code="d">Davenport.</subfield></datafield><datafield ind1="0" ind2=" " tag="775"><subfield code="t">Daily gazette (Davenport, Iowa)</subfield><subfield code="w">(DLC)sn 87058153</subfield><subfield code="w">(OCoLC)15596606</subfield></datafield><datafield ind1="0" ind2="0" tag="780"><subfield code="t">Davenport weekly gazette (Davenport, Iowa : 1857)</subfield><subfield code="w">(DLC)sn 87058155</subfield><subfield code="w">(OCoLC)15596784</subfield></datafield><datafield ind1="0" ind2="0" tag="785"><subfield code="t">Davenport weekly gazette (Davenport, Iowa : 1874)</subfield><subfield code="w">(DLC)sn 87058157</subfield><subfield code="w">(OCoLC)15596858</subfield></datafield><datafield ind1="1" ind2=" " tag="029"><subfield code="a">AU@</subfield><subfield code="b">000020459291</subfield></datafield></record>